
@book{campbell1980,
	title = {The American voter},
	author = {Campbell, Angus},
	year = {1980},
	date = {1980},
	publisher = {University of Chicago Press},
	series = {Midway reprints},
	edition = {Unabridged ed},
	address = {Chicago [Ill.]},
	langid = {eng}
}

@article{egan2020,
	title = {Identity as Dependent Variable: How Americans Shift Their Identities to Align with Their Politics},
	author = {Egan, Patrick J.},
	year = {2020},
	date = {2020},
	journal = {American Journal of Political Science},
	pages = {699--716},
	volume = {64},
	number = {3},
	doi = {10.1111/ajps.12496},
	url = {https://onlinelibrary.wiley.com/doi/10.1111/ajps.12496},
	langid = {en}
}

@article{abad2021,
	title = {History Never Really Says Goodbye: A Critical Review of the Persistence Literature},
	author = {Abad, Leticia Arroyo and Maurer, Noel},
	year = {2021},
	date = {2021},
	journal = {Journal of Historical Political Economy},
	pages = {31--68},
	volume = {1},
	number = {1},
	doi = {10.1561/115.00000002},
	url = {http://www.nowpublishers.com/article/Details/HPE-0002},
	langid = {en}
}

@article{jefferson2021,
	title = {Seeing Blue in Black and White: Race and Perceptions of Officer-Involved Shootings},
	author = {Jefferson, Hakeem and Neuner, Fabian G. and Pasek, Josh},
	year = {2021},
	month = {12},
	date = {2021-12},
	journal = {Perspectives on Politics},
	pages = {1165--1183},
	volume = {19},
	number = {4},
	doi = {10.1017/S1537592720003618},
	url = {https://www.cambridge.org/core/product/identifier/S1537592720003618/type/journal_article},
	langid = {en}
}

@article{egan2008,
	title = {Explaining the Distinctiveness of Lesbians, Gays, and Bisexuals in American Politics},
	author = {Egan, Patrick J.},
	year = {2008},
	date = {2008},
	journal = {SSRN Electronic Journal},
	doi = {10.2139/ssrn.1006223},
	url = {http://www.ssrn.com/abstract=1006223},
	langid = {en}
}

@article{mason2015,
	title = {{\textquotedblleft}I Disrespectfully Agree{\textquotedblright}: The Differential Effects of Partisan Sorting on Social and Issue Polarization: PARTISAN SORTING AND POLARIZATION},
	author = {Mason, Lilliana},
	year = {2015},
	month = {01},
	date = {2015-01},
	journal = {American Journal of Political Science},
	pages = {128--145},
	volume = {59},
	number = {1},
	doi = {10.1111/ajps.12089},
	url = {https://onlinelibrary.wiley.com/doi/10.1111/ajps.12089},
	langid = {en}
}

@article{abrajano2015,
	title = {Reexamining the {\textquotedblleft}Racial Gap{\textquotedblright} in Political Knowledge},
	author = {Abrajano, Marisa},
	year = {2015},
	month = {01},
	date = {2015-01},
	journal = {The Journal of Politics},
	pages = {44--54},
	volume = {77},
	number = {1},
	doi = {10.1086/678767},
	url = {https://www.journals.uchicago.edu/doi/10.1086/678767},
	langid = {en}
}

@book{mason2018,
	title = {Uncivil agreement: how politics became our identity},
	author = {Mason, Lilliana},
	year = {2018},
	date = {2018},
	publisher = {The University of Chicago Press},
	address = {Chicago, Illinois; London}
}

@book{peffley2010,
	title = {Justice in America: the separate realities of blacks and whites},
	author = {Peffley, Mark and Hurwitz, Jon},
	year = {2010},
	date = {2010},
	publisher = {Cambridge University Press},
	series = {Cambridge studies in public opinion and political psychology},
	note = {OCLC: ocn468978200},
	address = {Cambridge ; New York}
}

@article{peffley2007,
	title = {Persuasion and Resistance: Race and the Death Penalty in America},
	author = {Peffley, Mark and Hurwitz, Jon},
	year = {2007},
	month = {10},
	date = {2007-10},
	journal = {American Journal of Political Science},
	pages = {996--1012},
	volume = {51},
	number = {4},
	doi = {10.1111/j.1540-5907.2007.00293.x},
	url = {https://onlinelibrary.wiley.com/doi/10.1111/j.1540-5907.2007.00293.x},
	langid = {en}
}

@misc{morin2016,
	title = {The Racial Confidence Gap in Police Performance},
	author = {Morin, Rich and Stepler, Renee},
	year = {2016},
	month = {09},
	date = {2016-09-29},
	url = {https://www.pewresearch.org/social-trends/2016/09/29/the-racial-confidence-gap-in-police-performance/},
	langid = {canadian}
}

@misc{desilver,
	title = {10 things we know about race and policing in the U.S.},
	author = {Desilver, Drew and Lipka, Michael and Fahmy, Dalia},
	year = {2020},
	month = {06},
	date = {2020-06-03},
	url = {https://www.pewresearch.org/fact-tank/2020/06/03/10-things-we-know-about-race-and-policing-in-the-u-s/},
	langid = {canadian}
}

@misc{thomas,
	title = {Support for Black Lives Matter has decreased since June but remains strong among Black Americans},
	author = {Thomas, Deja and Horowitz, Juliana Menasce},
	year = {2020},
	month = {09},
	date = {2020-09-16},
	url = {https://www.pewresearch.org/fact-tank/2020/09/16/support-for-black-lives-matter-has-decreased-since-june-but-remains-strong-among-black-americans/},
	langid = {canadian}
}

@article{hurwitz2005,
	title = {Explaining the Great Racial Divide: Perceptions of Fairness in the U.S. Criminal Justice System},
	author = {Hurwitz, Jon and Peffley, Mark},
	year = {2005},
	month = {08},
	date = {2005-08},
	journal = {The Journal of Politics},
	pages = {762--783},
	volume = {67},
	number = {3},
	doi = {10.1111/j.1468-2508.2005.00338.x},
	url = {https://www.journals.uchicago.edu/doi/10.1111/j.1468-2508.2005.00338.x},
	langid = {en}
}

@article{alvarado2020,
	title = {The Complexities of Race and Place: Childhood Neighborhood Disadvantage and Adult Incarceration for Whites, Blacks, and Latinos},
	author = {Alvarado, {Steven El√≠as}},
	year = {2020},
	month = {01},
	date = {2020-01},
	journal = {Socius: Sociological Research for a Dynamic World},
	pages = {237802312092715},
	volume = {6},
	doi = {10.1177/2378023120927154},
	url = {http://journals.sagepub.com/doi/10.1177/2378023120927154},
	langid = {en}
}

@phdthesis{streeter2019,
	title = {The racial politics of police violence in the United States},
	author = {Streeter, Shea},
	year = {2019},
	month = {07},
	date = {2019-07},
	url = {https://purl.stanford.edu/kf447bj0520},
	address = {Palo Alto, California}
}

@article{israel-trummel2022,
	title = {Police Abuse or Just Deserts? Deservingness Perceptions and State Violence},
	author = {Israel-Trummel, Mackenzie and Streeter, Shea},
	year = {2022},
	month = {08},
	date = {2022-08-16},
	journal = {Public Opinion Quarterly},
	pages = {499--522},
	volume = {86},
	number = {S1},
	doi = {10.1093/poq/nfac017},
	url = {https://academic.oup.com/poq/article/86/S1/499/6604560},
	langid = {en}
}
