
@book{campbell1980,
	title = {The American voter},
	author = {Campbell, Angus},
	year = {1980},
	date = {1980},
	publisher = {University of Chicago Press},
	series = {Midway reprints},
	edition = {Unabridged ed},
	address = {Chicago [Ill.]},
	langid = {eng}
}

@article{egan2020,
	title = {Identity as Dependent Variable: How Americans Shift Their Identities to Align with Their Politics},
	author = {Egan, Patrick J.},
	year = {2020},
	date = {2020},
	journal = {American Journal of Political Science},
	pages = {699--716},
	volume = {64},
	number = {3},
	doi = {10.1111/ajps.12496},
	url = {https://onlinelibrary.wiley.com/doi/10.1111/ajps.12496},
	langid = {en}
}

@article{abad2021,
	title = {History Never Really Says Goodbye: A Critical Review of the Persistence Literature},
	author = {Abad, Leticia Arroyo and Maurer, Noel},
	year = {2021},
	date = {2021},
	journal = {Journal of Historical Political Economy},
	pages = {31--68},
	volume = {1},
	number = {1},
	doi = {10.1561/115.00000002},
	url = {http://www.nowpublishers.com/article/Details/HPE-0002},
	langid = {en}
}

@article{jefferson2021,
	title = {Seeing Blue in Black and White: Race and Perceptions of Officer-Involved Shootings},
	author = {Jefferson, Hakeem and Neuner, Fabian G. and Pasek, Josh},
	year = {2021},
	month = {12},
	date = {2021-12},
	journal = {Perspectives on Politics},
	pages = {1165--1183},
	volume = {19},
	number = {4},
	doi = {10.1017/S1537592720003618},
	url = {https://www.cambridge.org/core/product/identifier/S1537592720003618/type/journal_article},
	langid = {en}
}

@article{egan2008,
	title = {Explaining the Distinctiveness of Lesbians, Gays, and Bisexuals in American Politics},
	author = {Egan, Patrick J.},
	year = {2008},
	date = {2008},
	journal = {SSRN Electronic Journal},
	doi = {10.2139/ssrn.1006223},
	url = {http://www.ssrn.com/abstract=1006223},
	langid = {en}
}

@article{mason2015,
	title = {{\textquotedblleft}I Disrespectfully Agree{\textquotedblright}: The Differential Effects of Partisan Sorting on Social and Issue Polarization: PARTISAN SORTING AND POLARIZATION},
	author = {Mason, Lilliana},
	year = {2015},
	month = {01},
	date = {2015-01},
	journal = {American Journal of Political Science},
	pages = {128--145},
	volume = {59},
	number = {1},
	doi = {10.1111/ajps.12089},
	url = {https://onlinelibrary.wiley.com/doi/10.1111/ajps.12089},
	langid = {en}
}

@article{abrajano2015,
	title = {Reexamining the {\textquotedblleft}Racial Gap{\textquotedblright} in Political Knowledge},
	author = {Abrajano, Marisa},
	year = {2015},
	month = {01},
	date = {2015-01},
	journal = {The Journal of Politics},
	pages = {44--54},
	volume = {77},
	number = {1},
	doi = {10.1086/678767},
	url = {https://www.journals.uchicago.edu/doi/10.1086/678767},
	langid = {en}
}

@book{mason2018,
	title = {Uncivil agreement: how politics became our identity},
	author = {Mason, Lilliana},
	year = {2018},
	date = {2018},
	publisher = {The University of Chicago Press},
	address = {Chicago, Illinois; London}
}

@book{peffley2010,
	title = {Justice in America: the separate realities of blacks and whites},
	author = {Peffley, Mark and Hurwitz, Jon},
	year = {2010},
	date = {2010},
	publisher = {Cambridge University Press},
	series = {Cambridge studies in public opinion and political psychology},
	note = {OCLC: ocn468978200},
	address = {Cambridge ; New York}
}

@article{peffley2007,
	title = {Persuasion and Resistance: Race and the Death Penalty in America},
	author = {Peffley, Mark and Hurwitz, Jon},
	year = {2007},
	month = {10},
	date = {2007-10},
	journal = {American Journal of Political Science},
	pages = {996--1012},
	volume = {51},
	number = {4},
	doi = {10.1111/j.1540-5907.2007.00293.x},
	url = {https://onlinelibrary.wiley.com/doi/10.1111/j.1540-5907.2007.00293.x},
	langid = {en}
}

@misc{morin2016,
	title = {The Racial Confidence Gap in Police Performance},
	author = {Morin, Rich and Stepler, Renee},
	year = {2016},
	month = {09},
	date = {2016-09-29},
	url = {https://www.pewresearch.org/social-trends/2016/09/29/the-racial-confidence-gap-in-police-performance/},
	langid = {canadian}
}

@misc{desilver,
	title = {10 things we know about race and policing in the U.S.},
	author = {Desilver, Drew and Lipka, Michael and Fahmy, Dalia},
	year = {2020},
	month = {06},
	date = {2020-06-03},
	url = {https://www.pewresearch.org/fact-tank/2020/06/03/10-things-we-know-about-race-and-policing-in-the-u-s/},
	langid = {canadian}
}

@misc{thomas,
	title = {Support for Black Lives Matter has decreased since June but remains strong among Black Americans},
	author = {Thomas, Deja and Horowitz, Juliana Menasce},
	year = {2020},
	month = {09},
	date = {2020-09-16},
	url = {https://www.pewresearch.org/fact-tank/2020/09/16/support-for-black-lives-matter-has-decreased-since-june-but-remains-strong-among-black-americans/},
	langid = {canadian}
}

@article{hurwitz2005,
	title = {Explaining the Great Racial Divide: Perceptions of Fairness in the U.S. Criminal Justice System},
	author = {Hurwitz, Jon and Peffley, Mark},
	year = {2005},
	month = {08},
	date = {2005-08},
	journal = {The Journal of Politics},
	pages = {762--783},
	volume = {67},
	number = {3},
	doi = {10.1111/j.1468-2508.2005.00338.x},
	url = {https://www.journals.uchicago.edu/doi/10.1111/j.1468-2508.2005.00338.x},
	langid = {en}
}

@article{alvarado2020,
	title = {The Complexities of Race and Place: Childhood Neighborhood Disadvantage and Adult Incarceration for Whites, Blacks, and Latinos},
	author = {Alvarado, {Steven El√≠as}},
	year = {2020},
	month = {01},
	date = {2020-01},
	journal = {Socius: Sociological Research for a Dynamic World},
	pages = {1--16},
	volume = {6},
	doi = {10.1177/2378023120927154},
	url = {http://journals.sagepub.com/doi/10.1177/2378023120927154},
	langid = {en}
}

@phdthesis{streeter2019,
	title = {The racial politics of police violence in the United States},
	author = {Streeter, Shea},
	year = {2019},
	month = {07},
	date = {2019-07},
	url = {https://purl.stanford.edu/kf447bj0520},
	address = {Palo Alto, California}
}

@article{israel-trummel2022,
	title = {Police Abuse or Just Deserts? Deservingness Perceptions and State Violence},
	author = {Israel-Trummel, Mackenzie and Streeter, Shea},
	year = {2022},
	month = {08},
	date = {2022-08-16},
	journal = {Public Opinion Quarterly},
	pages = {499--522},
	volume = {86},
	number = {S1},
	doi = {10.1093/poq/nfac017},
	url = {https://academic.oup.com/poq/article/86/S1/499/6604560},
	langid = {en}
}

@article{hurwitz1997,
	title = {Public Perceptions of Race and Crime: The Role of Racial Stereotypes},
	author = {Hurwitz, Jon and Peffley, Mark},
	year = {1997},
	month = {04},
	date = {1997-04},
	journal = {American Journal of Political Science},
	pages = {375},
	volume = {41},
	number = {2},
	doi = {10.2307/2111769},
	url = {https://www.jstor.org/stable/2111769?origin=crossref}
}

@article{payne2001,
	title = {Prejudice and perception: The role of automatic and controlled processes in misperceiving a weapon},
	author = {Payne, B. Keith},
	year = {2001},
	date = {2001},
	journal = {Journal of Personality and Social Psychology},
	pages = {181--192},
	volume = {81},
	number = {2},
	doi = {10.1037/0022-3514.81.2.181},
	note = {Place: US
Publisher: American Psychological Association}
}

@article{sigelman1997,
	title = {Police Brutality and Public Perceptions of Racial Discrimination: A Tale of Two Beatings},
	author = {Sigelman, Lee and Welch, Susan and Bledsoe, Timothy and Combs, Michael},
	year = {1997},
	month = {12},
	date = {1997-12},
	journal = {Political Research Quarterly},
	pages = {777--791},
	volume = {50},
	number = {4},
	doi = {10.1177/106591299705000403},
	url = {http://journals.sagepub.com/doi/10.1177/106591299705000403},
	langid = {en}
}

@article{valentino2002,
	title = {Cues that Matter: How Political Ads Prime Racial Attitudes During Campaigns},
	author = {Valentino, Nicholas A. and Hutchings, Vincent L. and White, Ismail K.},
	year = {2002},
	month = {03},
	date = {2002-03},
	journal = {American Political Science Review},
	pages = {75--90},
	volume = {96},
	number = {1},
	doi = {10.1017/S0003055402004240},
	url = {https://www.cambridge.org/core/product/identifier/S0003055402004240/type/journal_article},
	langid = {en}
}

@article{gay2002,
	title = {Spirals of Trust? The Effect of Descriptive Representation on the Relationship between Citizens and Their Government},
	author = {Gay, Claudine},
	year = {2002},
	month = {10},
	date = {2002-10},
	journal = {American Journal of Political Science},
	pages = {717},
	volume = {46},
	number = {4},
	doi = {10.2307/3088429},
	url = {https://www.jstor.org/stable/3088429?origin=crossref},
	langid = {en}
}

@article{mansbridge1999,
	title = {Should Blacks Represent Blacks and Women Represent Women? A Contingent {"}Yes{"}},
	author = {Mansbridge, Jane},
	year = {1999},
	month = {08},
	date = {1999-08},
	journal = {The Journal of Politics},
	pages = {628--657},
	volume = {61},
	number = {3},
	doi = {10.2307/2647821},
	url = {https://www.journals.uchicago.edu/doi/10.2307/2647821},
	langid = {en}
}

@book{mendelberg2001,
	title = {The race card: campaign strategy, implicit messages, and the norm of equality},
	author = {Mendelberg, Tali},
	year = {2001},
	date = {2001},
	publisher = {Princeton University Press},
	note = {OCLC: ocm46737493},
	address = {Princeton, N.J}
}

@book{phillips2003,
	title = {The politics of presence: the political representation of gender, ethnicity, and race},
	author = {Phillips, Anne},
	year = {2003},
	date = {2003},
	publisher = {Oxford Univ. Press},
	series = {Oxford political theory},
	edition = {Repr. 2003},
	address = {Oxford},
	langid = {eng}
}

@article{jones2016,
	title = {Constituents' Responses to Descriptive and Substantive Representation in Congress*: Constituents' Responses to Descriptive and Substantive Representation},
	author = {Jones, Philip Edward},
	year = {2016},
	month = {09},
	date = {2016-09},
	journal = {Social Science Quarterly},
	pages = {682--698},
	volume = {97},
	number = {3},
	doi = {10.1111/ssqu.12243},
	url = {https://onlinelibrary.wiley.com/doi/10.1111/ssqu.12243},
	langid = {en}
}

@article{hayes2017,
	title = {The Symbolic Benefits of Descriptive and Substantive Representation},
	author = {Hayes, Matthew and Hibbing, Matthew V.},
	year = {2017},
	month = {03},
	date = {2017-03},
	journal = {Political Behavior},
	pages = {31--50},
	volume = {39},
	number = {1},
	doi = {10.1007/s11109-016-9345-9},
	url = {http://link.springer.com/10.1007/s11109-016-9345-9},
	langid = {en}
}

@article{kaslovsky2021,
	title = {Descriptive representation and public support for Supreme Court nominees},
	author = {Kaslovsky, Jaclyn and Rogowski, Jon C. and Stone, Andrew R.},
	year = {2021},
	month = {07},
	date = {2021-07},
	journal = {Political Science Research and Methods},
	pages = {583--598},
	volume = {9},
	number = {3},
	doi = {10.1017/psrm.2019.59},
	url = {https://www.cambridge.org/core/product/identifier/S2049847019000591/type/journal_article},
	langid = {en}
}

@article{sen2017,
	title = {How Political Signals Affect Public Support for Judicial Nominations: Evidence from a Conjoint Experiment},
	author = {Sen, Maya},
	year = {2017},
	month = {06},
	date = {2017-06},
	journal = {Political Research Quarterly},
	pages = {374--393},
	volume = {70},
	number = {2},
	doi = {10.1177/1065912917695229},
	url = {http://journals.sagepub.com/doi/10.1177/1065912917695229},
	langid = {en}
}

@book{dawson1995,
	title = {Behind the mule: race and class in African-American politics},
	author = {Dawson, Michael C.},
	year = {1995},
	date = {1995},
	publisher = {Princeton Univ. Press},
	edition = {1. paperback print},
	address = {Princeton, NJ},
	langid = {eng}
}

@book{lipsky1980,
	title = {Street-level bureaucracy: dilemmas of the individual in public services},
	author = {Lipsky, Michael},
	year = {1980},
	date = {1980},
	publisher = {Russell Sage Foundation},
	note = {OCLC: 567613569},
	address = {New York},
	langid = {eng}
}

@book{mutz2015,
	title = {In-your-face politics: the consequences of uncivil media},
	author = {Mutz, Diana Carole},
	year = {2015},
	date = {2015},
	publisher = {Princeton University Press},
	note = {OCLC: ocn894625402},
	address = {Princeton, New Jersey}
}



@article{gilliam2000,
	title = {Prime Suspects: The Influence of Local Television News on the Viewing Public},
	author = {Gilliam, Franklin D. and Iyengar, Shanto},
	year = {2000},
	month = {07},
	date = {2000-07},
	journal = {American Journal of Political Science},
	pages = {560--573},
	volume = {44},
	number = {3},
	doi = {10.2307/2669264},
	url = {https://www.jstor.org/stable/2669264?origin=crossref}
}

@article{dixon2000,
	title = {Overrepresentation and Underrepresentation of African Americans and Latinos as Lawbreakers on Television News},
	author = {Dixon, Travis L. and Linz, Daniel},
	year = {2000},
	month = {06},
	date = {2000-06-01},
	journal = {Journal of Communication},
	pages = {131--154},
	volume = {50},
	number = {2},
	doi = {10.1111/j.1460-2466.2000.tb02845.x},
	url = {https://academic.oup.com/joc/article/50/2/131-154/4110126},
	langid = {en}
}

@book{gilens2009,
	title = {Why Americans hate welfare: race, media, and the politics of antipoverty policy},
	author = {Gilens, Martin},
	year = {2009},
	date = {2009},
	publisher = {University of Chicago Press},
	note = {OCLC: 1018081157},
	address = {Chicago},
	langid = {eng}
}

@book{winter2008,
	title = {Dangerous frames: how ideas about race and gender shape public opinion},
	author = {Winter, Nicholas J. G.},
	year = {2008},
	date = {2008},
	publisher = {University of Chicago Press},
	note = {OCLC: ocn170203447},
	address = {Chicago}
}

@book{haney-l√≥pez2015,
	title = {Dog whistle politics: how coded racial appeals have reinvented racism and wrecked the middle class},
	author = {{Haney-L√≥pez}, Ian},
	year = {2015},
	date = {2015},
	publisher = {Oxford University Press},
	address = {Oxford; New York},
	langid = {eng}
}

@article{gilliam1996,
	title = {Exploring Minority Empowerment: Symbolic Politics, Governing Coalitions and Traces of Political Style in Los Angeles},
	author = {Gilliam, Frank D.},
	year = {1996},
	month = {02},
	date = {1996-02},
	journal = {American Journal of Political Science},
	pages = {56--81},
	volume = {40},
	number = {1},
	doi = {10.2307/2111694},
	url = {https://www.jstor.org/stable/2111694?origin=crossref}
}

@book{edsall1992,
	title = {Chain reaction: the impact of race, rights, and taxes on American politics; with a new afterword},
	author = {Edsall, Thomas Byrne and Edsall, Mary D.},
	year = {1992},
	date = {1992},
	publisher = {Norton},
	edition = {1. publ},
	address = {New York, NY},
	langid = {eng}
}

@book{tesler2016,
	title = {Post-racial or most-racial? race and politics in the Obama era},
	author = {Tesler, Michael},
	year = {2016},
	date = {2016},
	publisher = {University of Chicago Press},
	series = {Chicago studies in American politics},
	address = {Chicago ; London}
}

@article{tesler2012,
	title = {The Spillover of Racialization into Health Care: How President Obama Polarized Public Opinion by Racial Attitudes and Race},
	author = {Tesler, Michael},
	year = {2012},
	month = {07},
	date = {2012-07},
	journal = {American Journal of Political Science},
	pages = {690--704},
	volume = {56},
	number = {3},
	doi = {10.1111/j.1540-5907.2011.00577.x},
	url = {https://onlinelibrary.wiley.com/doi/10.1111/j.1540-5907.2011.00577.x},
	langid = {en}
}

@article{kinder2001,
	title = {Exploring the Racial Divide: Blacks, Whites, and Opinion on National Policy},
	author = {Kinder, Donald R. and Winter, Nicholas},
	year = {2001},
	month = {04},
	date = {2001-04},
	journal = {American Journal of Political Science},
	pages = {439},
	volume = {45},
	number = {2},
	doi = {10.2307/2669351},
	url = {https://www.jstor.org/stable/2669351?origin=crossref}
}

@article{ahler2018,
	title = {The Parties in Our Heads: Misperceptions about Party Composition and Their Consequences},
	author = {Ahler, Douglas J. and Sood, Gaurav},
	year = {2018},
	month = {07},
	date = {2018-07},
	journal = {The Journal of Politics},
	pages = {964--981},
	volume = {80},
	number = {3},
	doi = {10.1086/697253},
	url = {https://www.journals.uchicago.edu/doi/10.1086/697253},
	langid = {en}
}

@book{rawls1999,
	title = {A theory of justice},
	author = {Rawls, John},
	year = {1999},
	date = {1999},
	publisher = {Belknap Press of Harvard University Press},
	edition = {Rev. ed},
	address = {Cambridge, Mass}
}

@article{sen2016,
	title = {Race as a Bundle of Sticks: Designs that Estimate Effects of Seemingly Immutable Characteristics},
	author = {Sen, Maya and Wasow, Omar},
	year = {2016},
	month = {05},
	date = {2016-05-11},
	journal = {Annual Review of Political Science},
	pages = {499--522},
	volume = {19},
	number = {1},
	doi = {10.1146/annurev-polisci-032015-010015},
	url = {https://www.annualreviews.org/doi/10.1146/annurev-polisci-032015-010015},
	langid = {en}
}

@article{cramer2020,
	title = {Understanding the Role of Racism in Contemporary US Public Opinion},
	author = {Cramer, Katherine},
	year = {2020},
	month = {05},
	date = {2020-05-11},
	journal = {Annual Review of Political Science},
	pages = {153--169},
	volume = {23},
	number = {1},
	doi = {10.1146/annurev-polisci-060418-042842},
	url = {https://www.annualreviews.org/doi/10.1146/annurev-polisci-060418-042842},
	langid = {en}
}
